01REMESSA01COBRANCA       09940860648001300008Conforlab Engenharia Ambienal 033SANTANDER      2201190000000000000000                                                                                                                                                                                                                                                                                   000000001
1020619174300017209940860648013000088117814                   00000019000000 40200000000000000000    000000501117814    20011900000000012700330994001N220119000000000000000000000000000000000000000000000000000000000000000245242914004275CeA - PAVUNA RJ                         RUA HERCULANO PINHEIRO, 1001            PAVUNA      21532440RIO DE JANEIRO RJ                               I85      00 000002
10206191743000172099408606480130000882                        00000019000000 40200000000000000000    0000005012         20011900000000017780330994001N220119000000000000000010000000000000000000000000000000000000000000000207090118000105CONDOMINIO EDIFICIO JOAQUIM FLORIANO 913RUA JOAQUIM FLORIANO, 913               ITAIM BIBI  04534013SAO PAULO                                     I85      00 000003
9000004000000000304800000000000000000000000000000000000000000000000000000000000000000000000000000000000000000000000000000000000000000000000000000000000000000000000000000000000000000000000000000000000000000000000000000000000000000000000000000000000000000000000000000000000000000000000000000000000000000000000000000000000000000000000000000000000000000000000000000000000000000000000000000000000000000004
